<record><leader>00000cas a22000007a 4500</leader><controlfield tag="001">31849760</controlfield><controlfield tag="008">950118d18951897vaudr ne      0   a0eng d</controlfield><datafield ind1=" " ind2=" " tag="010"><subfield code="a">sn 95079481 </subfield></datafield><datafield ind1=" " ind2=" " tag="040"><subfield code="a">NVK</subfield><subfield code="b">eng</subfield><subfield code="c">NVK</subfield><subfield code="d">DLC</subfield><subfield code="d">NVK</subfield><subfield code="d">OCLCF</subfield></datafield><datafield ind1=" " ind2=" " tag="012"><subfield code="l">a</subfield></datafield><datafield ind1="0" ind2=" " tag="022"><subfield code="a">2166-7950</subfield><subfield code="2">1</subfield></datafield><datafield ind1=" " ind2=" " tag="042"><subfield code="a">msc</subfield><subfield code="a">nsdp</subfield></datafield><datafield ind1=" " ind2=" " tag="043"><subfield code="a">n-us-va</subfield></datafield><datafield ind1="0" ind2="0" tag="050"><subfield code="a">Newspaper</subfield></datafield><datafield ind1="1" ind2="0" tag="082"><subfield code="a">071</subfield><subfield code="2">14</subfield></datafield><datafield ind1="0" ind2=" " tag="130"><subfield code="a">Roanoke daily times (Roanoke, Va. : 1895)</subfield></datafield><datafield ind1=" " ind2="4" tag="222"><subfield code="a">The Roanoke daily times (Roanoke, Va. 1895)</subfield></datafield><datafield ind1="1" ind2="4" tag="245"><subfield code="a">The Roanoke daily times.</subfield></datafield><datafield ind1="0" ind2="3" tag="246"><subfield code="a">Times</subfield></datafield><datafield ind1=" " ind2=" " tag="260"><subfield code="a">Roanoke, Va. :</subfield><subfield code="b">Roanoke Pub. Co.,</subfield><subfield code="c">1895-1897.</subfield></datafield><datafield ind1=" " ind2=" " tag="300"><subfield code="a">v.</subfield></datafield><datafield ind1=" " ind2=" " tag="310"><subfield code="a">Daily</subfield></datafield><datafield ind1="0" ind2=" " tag="362"><subfield code="a">Vol. 14, no. 146 (Mar. 23, 1895)-v.17, no. 95 (Jan. 27, 1897).</subfield></datafield><datafield ind1=" " ind2=" " tag="530"><subfield code="a">Microfilm available from Bell &amp; Howell, Micro Photo Div.</subfield></datafield><datafield ind1=" " ind2=" " tag="530"><subfield code="a">Archived issues are available in digital format as part of the Library of Congress Chronicling America online collection.</subfield></datafield><datafield ind1=" " ind2="0" tag="651"><subfield code="a">Roanoke (Va.)</subfield><subfield code="v">Newspapers.</subfield></datafield><datafield ind1=" " ind2="7" tag="655"><subfield code="a">Newspapers.</subfield><subfield code="2">fast</subfield><subfield code="0">(OCoLC)fst01423814</subfield></datafield><datafield ind1=" " ind2="7" tag="651"><subfield code="a">Virginia</subfield><subfield code="z">Roanoke.</subfield><subfield code="2">fast</subfield><subfield code="0">(OCoLC)fst01206560</subfield></datafield><datafield ind1=" " ind2=" " tag="752"><subfield code="a">United States</subfield><subfield code="b">Virginia</subfield><subfield code="d">Roanoke.</subfield></datafield><datafield ind1="0" ind2="0" tag="780"><subfield code="t">Roanoke times (Roanoke, Va. : 1890 : Daily)</subfield><subfield code="x">2163-4890</subfield><subfield code="w">(DLC)sn 86071868</subfield><subfield code="w">(OCoLC)14157370</subfield></datafield><datafield ind1="0" ind2="0" tag="785"><subfield code="t">Roanoke times (Roanoke, Va. : 1897: Daily)</subfield><subfield code="x">2166-7969</subfield><subfield code="w">(DLC)sn 95079490</subfield><subfield code="w">(OCoLC)31849781</subfield></datafield><datafield ind1="4" ind2="1" tag="856"><subfield code="u">http://www.loc.gov/chroniclingamerica/lccn/sn95079481/issues</subfield></datafield><datafield ind1="4" ind2="1" tag="856"><subfield code="u">http://www.virginiachronicle.com/</subfield></datafield></record>